@article{DG2018,
    title={House prices, wealth effects and labour supply},
    author={Disney, Richard and Gathergood, John},
    journal={Economica},
    volume={85},
    number={339},
    pages={449--478},
    year={2018},
    publisher={Wiley Online Library}
}